<?xml version="1.0" encoding="UTF-8"?><collection xmlns="http://www.loc.gov/MARC21/slim"><record><leader>00475nam--2200181-u-4500</leader><controlfield tag="001">000055570</controlfield><controlfield tag="002">20161230</controlfield><controlfield tag="005">20161230201052</controlfield><controlfield tag="008">130227s1000------------r-----000-0-eng-d</controlfield><datafield ind1=" " ind2=" " tag="040"><subfield code="a">IFIN-HH</subfield></datafield><datafield ind1=" " ind2=" " tag="080"><subfield code="a">669(038)=590=20</subfield></datafield><datafield ind1="1" ind2=" " tag="100"><subfield code="a">Breaban, M.L</subfield></datafield><datafield ind1="1" ind2="0" tag="245"><subfield code="a">Dictionar de metalurgie englez-roman</subfield><subfield code="c">M.l. breaban, l. ionescu</subfield></datafield><datafield ind1=" " ind2=" " tag="260"><subfield code="a">Bucuresti</subfield><subfield code="b">Editura Tehnica</subfield><subfield code="c">1982</subfield></datafield><datafield ind1=" " ind2=" " tag="300"><subfield code="a">358P</subfield></datafield><datafield ind1="1" ind2=" " tag="700"><subfield code="a">Ionescu, L</subfield></datafield><datafield ind1=" " ind2=" " tag="852"><subfield code="a">D.567</subfield><subfield code="c">SLT</subfield></datafield><datafield ind1=" " ind2=" " tag="CAT"><subfield code="a">Sys</subfield><subfield code="c">20130227</subfield><subfield code="h">103453</subfield></datafield></record></collection>